@article{DBLP:journals/corr/NikolicEK14,
  author    = {Milos Nikolic and
               Mohammed Elseidy and
               Christoph Koch},
  title     = {LINVIEW: Incremental View Maintenance for Complex Analytical
               Queries},
  journal   = {CoRR},
  volume    = {abs/1403.6968},
  year      = {2014},
  ee        = {http://arxiv.org/abs/1403.6968},
  bibsource = {DBLP, http://dblp.uni-trier.de}
}